<?xml version="1.0" encoding="UTF-8"?><record xmlns="http://www.loc.gov/MARC21/slim" xmlns:cinclude="http://apache.org/cocoon/include/1.0" xmlns:zs="http://www.loc.gov/zing/srw/">
  <leader>00968cz  a2200205n  4500</leader>
  <controlfield tag="001">nr 99031351 </controlfield>
  <controlfield tag="003">DLC</controlfield>
  <controlfield tag="005">20141211220752.0</controlfield>
  <controlfield tag="008">991006n| azannaabn          |a ana     c</controlfield>
  <datafield tag="010" ind1=" " ind2=" ">
    <subfield code="a">nr 99031351 </subfield>
    <subfield code="z">n  98931135 </subfield>
  </datafield>
  <datafield tag="035" ind1=" " ind2=" ">
    <subfield code="a">(OCoLC)oca05080009</subfield>
  </datafield>
  <datafield tag="040" ind1=" " ind2=" ">
    <subfield code="a">CSt-Law</subfield>
    <subfield code="b">eng</subfield>
    <subfield code="c">CSt-Law</subfield>
    <subfield code="d">DLC</subfield>
    <subfield code="d">DLC-OI</subfield>
    <subfield code="e">rda</subfield>
    <subfield code="d">DLC</subfield>
  </datafield>
  <datafield tag="046" ind1=" " ind2=" ">
    <subfield code="k">19970606</subfield>
  </datafield>
  <datafield tag="110" ind1="1" ind2=" ">
    <subfield code="a">Philippines.</subfield>
    <subfield code="t">Intellectual Property Code</subfield>
  </datafield>
  <datafield tag="410" ind1="1" ind2=" ">
    <subfield code="a">Philippines.</subfield>
    <subfield code="t">Republic Act no. 8293</subfield>
  </datafield>
  <datafield tag="410" ind1="1" ind2=" ">
    <subfield code="a">Philippines.</subfield>
    <subfield code="t">Intellectual Property Code of the Philippines</subfield>
  </datafield>
  <datafield tag="410" ind1="1" ind2=" ">
    <subfield code="a">Philippines.</subfield>
    <subfield code="t">RA 8293</subfield>
  </datafield>
  <datafield tag="670" ind1=" " ind2=" ">
    <subfield code="a">Intellectual property code of the Philippines, 1998:</subfield>
    <subfield code="b">short title p. 1 (Intellectual Property Code; Republic Act no. 8293)</subfield>
  </datafield>
  <datafield tag="670" ind1=" " ind2=" ">
    <subfield code="a">The law on trademark, infringement, and unfair competition, c2000:</subfield>
    <subfield code="b">p. 1 (Intellectual Property Code of the Philippines; RA 8293)</subfield>
  </datafield>
  <datafield tag="670" ind1=" " ind2=" ">
    <subfield code="a">Intellectual property law, 2012:</subfield>
    <subfield code="b">p. 1 (cit. title: Intellectual Property Code of the Philippines) p. 709 (approved: June 6, 1997)</subfield>
  </datafield>
</record>